@misc{TALK00,
      author    = "Rober Watson",
      title     = "{How the FreeBSD Project Works}",
      url       = "http://www.youtube.com/watch?v=nNkqKdLm1rU",
      year      = "2007",
}

@misc{TALK01,
      author    = "Ben Collin-Sussman and Brian W Fitzpatrick",
      title     = "{How Open Source Survive Poisonous People}",
      url       = "http://www.youtube.com/watch?v=nNkqKdLm1rU",
      year      = "2007",
}

@misc{TALK02,
      author    = "Zigurd Magnusson",
      title     = "{SilverStripe CMS}",
      url       = "http://www.youtube.com/watch?v=9hHHfNJAvi8",
      year      = "2007",
}

@misc{TALK03,
      author    = "Mike Pinkerton",
      title     = "{Camino Web BrowerSilverStripe CMS}",
      url       = "http://www.youtube.com/watch?v=vGTbVz38CNo",
      year      = "2007",
}

@misc{TALK04,
      author    = "Greg Kroah Hartman, Linux Kernel Maintainer",
      title     = "{Technical Talk on Linux Kernel Project}",
      url       = "https://www.youtube.com/watch?v=L2SED6sewRw",
      year      = "2008",
}

@misc{TALK05,
      author    = "Brian O'Sullivan",
      title     = "{Mercurial Project}",
      url       = "https://www.youtube.com/watch?v=1sV8Z_Lmpt4",
      year      = "2006",
}

@misc{TALK06,
      author    = "Stefano Zacchiroli",
      title     = "{Debian: 20 Years and counting}",
      url       = "http://www.youtube.com/watch?v=yKr2qExNoLY",
      year      = "2013",
}

@misc{TALK07,
      author    = "Pierre Pronchery",
      title     = "{[FOSDEM 2014] The EdgeBSD Project}",
      url       = "http://www.youtube.com/watch?v=_D_iaad5rPo",
      year      = "2014",
}

@misc{TALK08,
      author    = "Lucas Nussbaum",
      title     = "{Debian Secrets what I wish I knew before joining Debian}",
      url       = "https://www.youtube.com/watch?v=jyEmjWvoeNo",
      year      = "2014",
}

@misc{CMS00,
      author    = "Waterstone",
      title     = "{OpenSource CMS Market Share Report}",
      url       = "http://www.waterandstone.com/downloads/2011OSCMSMarketShareReport.pdf",
      year      = "2011",
}

@misc{BIKE00,
      author    = "Poul-Henning Kamp",
      title     = "{A bike shed (any colour will do) on greener grass..}",
      url       = "http://bikeshed.com/",
      year      = "1999",
}

@misc{DISTW00,
      author    = "DistroWatch",
      title     = "{Distro Watch Search Distribution}",
      url       = "http://distrowatch.com/search.php",
      year      = "2013",
}

@misc{FOSS00,
      author    = "FOSSDEM",
      title     = "{FOSSDEM 2014}",
      url       = "https://fosdem.org/2014/",
      year      = "2014",
}

@misc{CATH00,
      author    = "Eric S. Raymond",
      title     = "{The Cathedral and the Bazaar}",
      url       = "http://www.catb.org/esr/writings/cathedral-bazaar/cathedral-bazaar/",
      year      = "1997",
}

@misc{EDGE00,
      author    = "EdgeBSD",
      title     = "{EdgeBSD}",
      url       = "https://www.edgebsd.org/",
      year      = "2014",
}

@misc{FOGE00,
      author    = "Karl Fogel",
      title     = "{Producing Open Source Software}",
      url       = "http://producingoss.com/en/index.html",
      year      = "2013",
}

@misc{ANTI00,
      author    = "Community Management Wiki",
      title     = "{Community Management Anti-patterns}",
      url       = "http://communitymgt.wikia.com/wiki/Category:Anti-patterns"
      year      = "2014",
}
