@misc{CMS00,
      author    = "Waterstone",
      title     = "{OpenSource CMS Market Share Report}",
      url       = "http://www.waterandstone.com/downloads/2011OSCMSMarketShareReport.pdf",
      year      = "2011",
}
@misc{POIS00,
      author    = "Ben Collin-Sussman and Brian W Fitzpatrick",
      title     = "{How Open Source Projects Survive Poisonous People}",
      url       = "https://www.youtube.com/watch?v=ZSFDm3UYkeE",
      year      = "2007",
}