@misc{KERN00,
      author    = "Greg Kroah Hartman, Linux Kernel Maintainer",
      title     = "{Technical Talk on Linux Kernel Project}",
      url       = "https://www.youtube.com/watch?v=L2SED6sewRw",
      year      = "2008",
}