@misc{DISTW00,
      author    = "DistroWatch",
      title     = "{Distro Watch Search Distribution}",
      url       = "http://distrowatch.com/search.php",
      year      = "2013",
}