@misc{FOSS00,
      author    = "FOSSDEM",
      title     = "{FOSSDEM 2014}",
      url       = "https://fosdem.org/2014/",
      year      = "2014",
}

@misc{CATH00,
      author    = "Eric S. Raymond",
      title     = "{The Cathedral and the Bazaar}",
      url       = "http://www.catb.org/esr/writings/cathedral-bazaar/cathedral-bazaar/",
      year      = "1997",
}

@misc{EDGE00,
      author    = "EdgeBSD",
      title     = "{EdgeBSD}",
      url       = "https://www.edgebsd.org/",
      year      = "2014",
}