@misc{FOSS00,
      author    = "FOSSDEM",
      title     = "{FOSSDEM 2013}",
      url       = "https://fosdem.org/2013/",
      year      = "2013",
}