@misc{FreeBSDProjectWorks,
   title = "How the FreeBSD Project Works",
   author = "Robert Watson",
   year = "2007",
   month = "June",
   day = "20",
   note = "\url{http://www.youtube.com/watch?v=nNkqKdLm1rU}"
} 

@misc{freebsd,
   title = "FreeBSD.org",
   author = "FreeBSD Community",
   year = "2014",
   note = "\url{https://www.freebsd.org/}"
}

@misc{protectFromPoisonousPeople,
   title = "How to protect your open source project from poisonous people",
   author = "Ben Collins-Sussman, Brian W.Fitzpatrick",
   year = "2007",
   month = "January",
   day = "25",
   note = "\url{https://www.youtube.com/watch?v=ZSFDm3UYkeE}"
}

misc{protectFromPoisonousPeopleSlides,
   title = "Slides - How to protect your open source project from poisonous people",
   author = "Ben Collins-Sussman, Brian W.Fitzpatrick",
   year = "2007",
   month = "January",
   day = "25",
   note = "\url{http://www.slideshare.net/oscon2007/os-fitzpatrick-sussman}"
}

@misc{subversionApacheOrg,
   title = "subversion.apache.org",
   author = "Apache Community",
   year = "2014",
   note = "\url{http://subversion.apache.org/}"
}

@misc{silverStripe,
   title = "Open source software from New Zealand(Aotearoa)",
   author = "Sigurd Magnusson, Sam Minnee",
   year = "2007",
   month = "August",
   day = "1",
   note = "\url{http://www.youtube.com/watch?v=9hHHfNJAvi8}"
}

@misc{silverStripeOrg,
   title = "SilverStripe.org",
   author = "silverstripe Community",
   year = "2014",
   note = "\url{http://www.silverstripe.org/}"
}


@misc{OSSPresentation,
   title = "OSS Presentation",
   author = "Mike Pinkerton"
   year = "2007",
   month = "January",
   day = "19",
   note = "\url{http://www.youtube.com/watch?v=vGTbVz38CNo}"
}

@misc{caminoOrg,
   title = "Camino Web Browser",
   author = "Camino Community",
   year = "2013",
   note = "\url{http://caminobrowser.org/}"
}

@misc{theLinuxKernel,
   title = "The Linux Kernel",
   author = "Greg Kroah Hartman"
   year = "2008",
   month = "June",
   day = "5",
   note = "\url{http://www.youtube.com/watch?v=L2SED6sewRw}"
}

@misc{GregBlog,
   title = "Linux Kernel Monkey Log",
   author = "Greg Kroah Hartman"
   year = "2013",
   month = "July",
   day = "1",
   note = "\url{http://www.kroah.com/log/blog/2013/07/01/3-dot-10-kernel-development-rate/}"
}

@misc{MercurialProject,
   title = "Mercurial Project",
   author = "Bryan O'Sullivan"
   year = "2006",
   month = "June",
   day = "19",
   note = "\url{http://www.youtube.com/watch?v=1sV8Z_Lmpt4}"
}

@misc{MercurialProjectSlides,
   title = "Mercurial Project Slides",
   author = "Bryan O'Sullivan"
   year = "2006",
   month = "June",
   day = "19",
   note = "\url{http://mercurial.selenic.com/wiki/Presentations? action=AttachFile&do=view&target=google.pdf}"
}


@misc{debian20Years,
   title = "Debian: 20 Years and counting",
   author = "Stefano Zacchiroli"
   year = "2013",
   month = "March",
   day = "20",
   note = "\url{https://www.youtube.com/watch?v=yKr2qExNoLY}"
}

@misc{debian20YearsSlides,
   title = "Slides - Debian: 20 Years and counting",
   author = "Stefano Zacchiroli"
   year = "2013",
   month = "March",
   day = "20",
   note = "\url{http://upsilon.cc/~zack/talks/2013/20130320-nylug.pdf}"
}

@misc{TheEdgeBSDProject,
   title = "Introducing EdgeBSD",
   author = "Pierre Pronchery"
   year = "2014",
   month = "February",
   day = "1",
   note = "\url{https://www.youtube.com/watch?v=_D_iaad5rPo}"
}

@misc{TheEdgeBSDProjectSlides,
   title = "Introducing EdgeBSD Slides",
   author = "Pierre Pronchery"
   year = "2014",
   month = "February",
   day = "1",
   note = "\url{https://fosdem.org/2014/schedule/event/edgebsd/attachments/slides/427/export/events/attachments/edgebsd/slides/427/EdgeBSD.pdf}"
}

@misc{DebianSecrets,
   title = "Debian Secrets what I wish I knew before joining Debian",
   author = "Lucas Nussbaum"
   year = "2014",
   month = "February",
   day = "1",
   note = "\url{http://www.youtube.com/watch?v=jyEmjWvoeNo}"
}

@BOOK{IndroductionFreeSoftware,
 author = "Jordi Mas Hern\'andez (coordinator), David Meg\'ias Jim\'enez (coordinator),Jes\'us M. Gonz\'alez Barahona,Joaqu\'in Seoane Pascual,Gregorio Robles",
   title = "Introduction to Free Software",
   publisher = "UOC",
   edition = "Second",
   year = 2008
   }
